<?xml version="1.0" encoding="UTF-8"?><collection xmlns="http://www.loc.gov/MARC21/slim"><record><leader>00395nam--2200133-i-4500</leader><controlfield tag="001">000030431</controlfield><controlfield tag="002">20161230</controlfield><controlfield tag="005">20161230201038</controlfield><controlfield tag="008">060222s1000------------r-----000-0-eng-d</controlfield><datafield ind1=" " ind2=" " tag="100"><subfield code="a">Mc Cabe, Warren., Smith, J.C</subfield></datafield><datafield ind1=" " ind2=" " tag="245"><subfield code="a">Unit operations of chemical engineering</subfield></datafield><datafield ind1=" " ind2=" " tag="260"><subfield code="a">New York, Mc Graw, 1956. X + 945p. + Cu Fig. + 2 Pl</subfield></datafield><datafield ind1=" " ind2=" " tag="490"><subfield code="a">Mc Graw Series In Chemical Engineering</subfield></datafield><datafield ind1=" " ind2=" " tag="852"><subfield code="a">12055</subfield></datafield></record></collection>